%% This BibTeX bibliography file was created using BibDesk.
%% http://bibdesk.sourceforge.net/

%% Created for Masoud Jasbi at 2020-02-18 17:35:17 -0500 


%% Saved with string encoding Unicode (UTF-8) 



@article{frank2016wordbank,
	Author = {Frank, Michael C and Braginsky, Mika and Yurovsky, Daniel and Marchman, Virginia A},
	Date-Added = {2020-02-18 17:33:24 -0500},
	Date-Modified = {2020-02-18 17:34:21 -0500},
	Journal = {Journal of child language},
	Number = {3},
	Pages = {677--694},
	Publisher = {Cambridge University Press},
	Title = {Wordbank: An open repository for developmental vocabulary data},
	Volume = {44},
	Year = {2016}}
